<record><leader>00000cas a22000007a 4500</leader><controlfield tag="001">19050168</controlfield><controlfield tag="008">890123d19101913nduwr ne      0    0eng d</controlfield><datafield ind1=" " ind2=" " tag="010"><subfield code="a">sn 88076286 </subfield></datafield><datafield ind1=" " ind2=" " tag="040"><subfield code="a">NOP</subfield><subfield code="b">eng</subfield><subfield code="c">NOP</subfield><subfield code="d">OCLCQ</subfield></datafield><datafield ind1=" " ind2=" " tag="042"><subfield code="a">msc</subfield></datafield><datafield ind1="0" ind2="0" tag="245"><subfield code="a">Burke County bulletin.</subfield></datafield><datafield ind1=" " ind2=" " tag="260"><subfield code="a">Lignite, Burke County, N.D. :</subfield><subfield code="b">A.J. Hettwer</subfield></datafield><datafield ind1=" " ind2=" " tag="300"><subfield code="a">v. :</subfield><subfield code="b">ill. ;</subfield><subfield code="c">56 cm.</subfield></datafield><datafield ind1=" " ind2=" " tag="310"><subfield code="a">Weekly</subfield></datafield><datafield ind1="1" ind2=" " tag="362"><subfield code="a">Began in 1910?</subfield></datafield><datafield ind1="0" ind2=" " tag="362"><subfield code="a">-v. 6, no. 43 (Apr. 24, 1913).</subfield></datafield><datafield ind1=" " ind2=" " tag="530"><subfield code="a">Available on microfilm from the State Historical Society of North Dakota.</subfield></datafield><datafield ind1=" " ind2=" " tag="588"><subfield code="a">Description based on: Vol. 4, no. 12 (Jan. 12, 1911).</subfield></datafield><datafield ind1=" " ind2=" " tag="752"><subfield code="a">United States</subfield><subfield code="b">North Dakota</subfield><subfield code="c">Burke</subfield><subfield code="d">Lignite.</subfield></datafield><datafield ind1="0" ind2="0" tag="780"><subfield code="t">Blaisdell bulletin</subfield></datafield><datafield ind1="0" ind2="4" tag="785"><subfield code="t">Bowbells tribune</subfield><subfield code="w">(DLC)sn 88076095</subfield></datafield><datafield ind1="1" ind2=" " tag="029"><subfield code="a">AU@</subfield><subfield code="b">000025837056</subfield></datafield></record>